<?xml version="1.0" encoding="UTF-8"?><collection xmlns="http://www.loc.gov/MARC21/slim"><record><leader>00386nam--2200133-i-4500</leader><controlfield tag="001">000004067</controlfield><controlfield tag="002">20161230</controlfield><controlfield tag="005">20161230201025</controlfield><controlfield tag="008">060222s1000------------r-----000-0-eng-d</controlfield><datafield ind1=" " ind2=" " tag="080"><subfield code="a">622.323</subfield></datafield><datafield ind1=" " ind2=" " tag="100"><subfield code="a">Apeltin, I.E., Maximovici, G.C</subfield></datafield><datafield ind1=" " ind2=" " tag="245"><subfield code="a">Tratarea apei pentru inundarea stratelor petro lifere. traducere din limba rusa</subfield></datafield><datafield ind1=" " ind2=" " tag="260"><subfield code="a">Bucuresti, I.D.T. 230 P. + Erata</subfield></datafield><datafield ind1=" " ind2=" " tag="852"><subfield code="a">1355</subfield></datafield></record></collection>